<?xml version="1.0" encoding="UTF-8"?><record xmlns="http://www.loc.gov/MARC21/slim" xmlns:cinclude="http://apache.org/cocoon/include/1.0" xmlns:zs="http://www.loc.gov/zing/srw/">
  <leader>00669cz  a2200181n  4500</leader>
  <controlfield tag="001">no 00022903 </controlfield>
  <controlfield tag="003">DLC</controlfield>
  <controlfield tag="005">20070728075032.0</controlfield>
  <controlfield tag="008">000401n| acannaabn          |a aaa      </controlfield>
  <datafield tag="010" ind1=" " ind2=" ">
    <subfield code="a">no 00022903 </subfield>
  </datafield>
  <datafield tag="035" ind1=" " ind2=" ">
    <subfield code="a">(OCoLC)oca05188845</subfield>
  </datafield>
  <datafield tag="040" ind1=" " ind2=" ">
    <subfield code="a">DLC-SS</subfield>
    <subfield code="b">eng</subfield>
    <subfield code="c">DLC-SS</subfield>
    <subfield code="d">InU</subfield>
  </datafield>
  <datafield tag="100" ind1="1" ind2=" ">
    <subfield code="a">Bektenov, Zii︠a︡sh</subfield>
  </datafield>
  <datafield tag="400" ind1="1" ind2=" ">
    <subfield code="a">Bektenov, Z.</subfield>
    <subfield code="q">(Zii︠a︡sh)</subfield>
  </datafield>
  <datafield tag="400" ind1="1" ind2=" ">
    <subfield code="a">Bektenov, Zyi︠a︡sh</subfield>
  </datafield>
  <datafield tag="670" ind1=" " ind2=" ">
    <subfield code="a">Zamandashtarym zhȯnu̇ndȯ ėskeru̇u̇, 1996:</subfield>
    <subfield code="b">t.p. (Zii︠a︡sh Bektenov)</subfield>
  </datafield>
  <datafield tag="670" ind1=" " ind2=" ">
    <subfield code="a">Manas, Semeteĭ, Seĭtek, 1999:</subfield>
    <subfield code="b">t.p. (Z. Bektenov)</subfield>
  </datafield>
  <datafield tag="670" ind1=" " ind2=" ">
    <subfield code="a">Aaly Tokombaev zhana frontovik zhazuuchular, 2004:</subfield>
    <subfield code="b">p. 123 (Zyi︠a︡sh Bektenov; b. 1911) p. 126 (d. 1993)</subfield>
  </datafield>
</record>